<record><leader>00000cas a22000007a 4500</leader><controlfield tag="001">14867948</controlfield><controlfield tag="008">861124c19689999msudn ne      0    0eng d</controlfield><datafield ind1=" " ind2=" " tag="010"><subfield code="a">sn 86074062 </subfield></datafield><datafield ind1=" " ind2=" " tag="040"><subfield code="a">MJA</subfield><subfield code="b">eng</subfield><subfield code="c">MJA</subfield><subfield code="d">MSJ</subfield><subfield code="d">KNP</subfield><subfield code="d">OCLCQ</subfield></datafield><datafield ind1=" " ind2=" " tag="042"><subfield code="a">msc</subfield></datafield><datafield ind1="0" ind2=" " tag="130"><subfield code="a">Daily leader (Brookhaven, Miss.)</subfield></datafield><datafield ind1="1" ind2="4" tag="245"><subfield code="a">The daily leader.</subfield></datafield><datafield ind1=" " ind2=" " tag="260"><subfield code="a">Brookhaven, Miss. :</subfield><subfield code="b">Southwest Pub.,</subfield><subfield code="c">1968-</subfield></datafield><datafield ind1=" " ind2=" " tag="300"><subfield code="a">v.</subfield></datafield><datafield ind1=" " ind2=" " tag="310"><subfield code="a">Daily (Except Sat. and Sun.)</subfield></datafield><datafield ind1="0" ind2=" " tag="362"><subfield code="a">Vol. 86, no. 1 (Sept. 30, 1968)-</subfield></datafield><datafield ind1=" " ind2=" " tag="752"><subfield code="a">United States</subfield><subfield code="b">Mississippi</subfield><subfield code="c">Lincoln</subfield><subfield code="d">Brookhaven.</subfield></datafield><datafield ind1="0" ind2="0" tag="780"><subfield code="t">Leader-advertiser</subfield><subfield code="w">(DLC)sn 88067075</subfield><subfield code="w">(OCoLC)17536482</subfield></datafield></record>